<record><leader>00000cas a22000007a 4500</leader><controlfield tag="001">13918495</controlfield><controlfield tag="008">860723d18761uuutxuwr ne      0    0eng d</controlfield><datafield ind1=" " ind2=" " tag="010"><subfield code="a">sn 86088298 </subfield></datafield><datafield ind1=" " ind2=" " tag="040"><subfield code="a">PPM</subfield><subfield code="b">eng</subfield><subfield code="c">PPM</subfield><subfield code="d">OCLCQ</subfield></datafield><datafield ind1=" " ind2=" " tag="042"><subfield code="a">msc</subfield></datafield><datafield ind1="0" ind2=" " tag="130"><subfield code="a">Sunday herald (Austin, Tex. : 1876)</subfield></datafield><datafield ind1="1" ind2="4" tag="245"><subfield code="a">The Sunday herald.</subfield></datafield><datafield ind1=" " ind2=" " tag="260"><subfield code="a">Austin, Tex. :</subfield><subfield code="b">C.W. Crozier,</subfield><subfield code="c">1876-</subfield></datafield><datafield ind1=" " ind2=" " tag="300"><subfield code="a">v. ;</subfield><subfield code="c">69 cm.</subfield></datafield><datafield ind1=" " ind2=" " tag="310"><subfield code="a">Weekly</subfield></datafield><datafield ind1="0" ind2=" " tag="362"><subfield code="a">Vol. 1, no. 1 (May 21, 1876)-</subfield></datafield><datafield ind1=" " ind2=" " tag="500"><subfield code="a">"Devoted to politics, general and local news, literature, science and art."</subfield></datafield><datafield ind1=" " ind2=" " tag="752"><subfield code="a">United States</subfield><subfield code="b">Texas</subfield><subfield code="c">Travis</subfield><subfield code="d">Austin.</subfield></datafield><datafield ind1="1" ind2=" " tag="029"><subfield code="a">AU@</subfield><subfield code="b">000023088959</subfield></datafield></record>